<?xml version="1.0" encoding="UTF-8"?>
  <record xmlns="http://www.loc.gov/MARC21/slim" type="Authority">
    <leader>00000nz  a2200000nc 4500</leader>
    <controlfield tag="001">118018116</controlfield>
    <controlfield tag="003">DE-101</controlfield>
    <controlfield tag="005">20200507170146.0</controlfield>
    <controlfield tag="008">971203n||azznnaabn           | aaa    |c</controlfield>
    <datafield tag="024" ind1="7" ind2=" ">
      <subfield code="a">118018116</subfield>
      <subfield code="0">http://d-nb.info/gnd/118018116</subfield>
      <subfield code="2">gnd</subfield>
    </datafield>
    <datafield tag="035" ind1=" " ind2=" ">
      <subfield code="a">(DE-101)118018116</subfield>
    </datafield>
    <datafield tag="035" ind1=" " ind2=" ">
      <subfield code="a">(DE-588)118018116</subfield>
    </datafield>
    <datafield tag="035" ind1=" " ind2=" ">
      <subfield code="z">(DE-588a)118018116</subfield>
      <subfield code="9">v:zg</subfield>
    </datafield>
    <datafield tag="040" ind1=" " ind2=" ">
      <subfield code="a">DE-12</subfield>
      <subfield code="c">DE-12</subfield>
      <subfield code="9">r:DE-12</subfield>
      <subfield code="b">ger</subfield>
      <subfield code="d">0547</subfield>
    </datafield>
    <datafield tag="042" ind1=" " ind2=" ">
      <subfield code="a">gnd1</subfield>
    </datafield>
    <datafield tag="043" ind1=" " ind2=" ">
      <subfield code="c">XA-DE</subfield>
    </datafield>
    <datafield tag="065" ind1=" " ind2=" ">
      <subfield code="a">16.5p</subfield>
      <subfield code="2">sswd</subfield>
    </datafield>
    <datafield tag="075" ind1=" " ind2=" ">
      <subfield code="b">p</subfield>
      <subfield code="2">gndgen</subfield>
    </datafield>
    <datafield tag="075" ind1=" " ind2=" ">
      <subfield code="b">piz</subfield>
      <subfield code="2">gndspec</subfield>
    </datafield>
    <datafield tag="079" ind1=" " ind2=" ">
      <subfield code="a">g</subfield>
      <subfield code="q">a</subfield>
      <subfield code="q">f</subfield>
      <subfield code="q">h</subfield>
      <subfield code="q">s</subfield>
    </datafield>
    <datafield tag="100" ind1="0" ind2=" ">
      <subfield code="a">Friedrich</subfield>
      <subfield code="c">Württemberg-Neuenstadt, Herzog</subfield>
      <subfield code="d">1615-1682</subfield>
    </datafield>
    <datafield tag="375" ind1=" " ind2=" ">
      <subfield code="a">1</subfield>
      <subfield code="2">iso5218</subfield>
    </datafield>
    <datafield tag="400" ind1="0" ind2=" ">
      <subfield code="a">Friedrich</subfield>
      <subfield code="c">Württemberg, Herzog</subfield>
      <subfield code="d">1615-1682</subfield>
    </datafield>
    <datafield tag="400" ind1="0" ind2=" ">
      <subfield code="a">Friedrich</subfield>
      <subfield code="c">Württemberg-Teck, Herzog</subfield>
      <subfield code="d">1615-1682</subfield>
    </datafield>
    <datafield tag="400" ind1="0" ind2=" ">
      <subfield code="a">Friederich</subfield>
      <subfield code="c">Würtemberg-Teck, Herzog</subfield>
      <subfield code="d">1615-1682</subfield>
    </datafield>
    <datafield tag="400" ind1="0" ind2=" ">
      <subfield code="a">Fridericus</subfield>
      <subfield code="c">Wurtemberga, Dux</subfield>
      <subfield code="d">1615-1682</subfield>
    </datafield>
    <datafield tag="400" ind1="0" ind2=" ">
      <subfield code="a">Fridericus</subfield>
      <subfield code="c">Wirtembergia, Dux</subfield>
      <subfield code="d">1615-1682</subfield>
    </datafield>
    <datafield tag="400" ind1="0" ind2=" ">
      <subfield code="a">Friedrich</subfield>
      <subfield code="c">Württemberg, Prinz</subfield>
      <subfield code="d">1615-1682</subfield>
    </datafield>
    <datafield tag="400" ind1="0" ind2=" ">
      <subfield code="a">Friderich</subfield>
      <subfield code="c">Württemberg, Prinz</subfield>
      <subfield code="d">1615-1682</subfield>
    </datafield>
    <datafield tag="400" ind1="0" ind2=" ">
      <subfield code="a">Friderich</subfield>
      <subfield code="c">Württemberg, Herzog</subfield>
      <subfield code="d">1615-1682</subfield>
    </datafield>
    <datafield tag="400" ind1="1" ind2=" ">
      <subfield code="a">Sachsenheim, Friedrich &#152;von&#156;</subfield>
      <subfield code="d">1615-1682</subfield>
      <subfield code="4">pseu</subfield>
      <subfield code="4">https://d-nb.info/standards/elementset/gnd#pseudonym</subfield>
      <subfield code="w">r</subfield>
      <subfield code="i">Pseudonym</subfield>
      <subfield code="e">Pseudonym</subfield>
    </datafield>
    <datafield tag="400" ind1="1" ind2=" ">
      <subfield code="a">Saxenheimb, Fridericus &#152;von&#156;</subfield>
      <subfield code="d">1615-1682</subfield>
      <subfield code="4">pseu</subfield>
      <subfield code="4">https://d-nb.info/standards/elementset/gnd#pseudonym</subfield>
      <subfield code="w">r</subfield>
      <subfield code="i">Pseudonym</subfield>
      <subfield code="e">Pseudonym</subfield>
    </datafield>
    <datafield tag="500" ind1="0" ind2=" ">
      <subfield code="0">(DE-101)118712381</subfield>
      <subfield code="0">(DE-588)118712381</subfield>
      <subfield code="0">https://d-nb.info/gnd/118712381</subfield>
      <subfield code="a">Johann Friedrich</subfield>
      <subfield code="c">Württemberg, Herzog</subfield>
      <subfield code="d">1582-1628</subfield>
      <subfield code="4">bezf</subfield>
      <subfield code="4">https://d-nb.info/standards/elementset/gnd#familialRelationship</subfield>
      <subfield code="w">r</subfield>
      <subfield code="i">Beziehung familiaer</subfield>
      <subfield code="e">Beziehung familiaer</subfield>
      <subfield code="9">v:Vater</subfield>
    </datafield>
    <datafield tag="500" ind1="0" ind2=" ">
      <subfield code="0">(DE-101)120065487</subfield>
      <subfield code="0">(DE-588)120065487</subfield>
      <subfield code="0">https://d-nb.info/gnd/120065487</subfield>
      <subfield code="a">Barbara Sophie</subfield>
      <subfield code="c">Württemberg, Herzogin</subfield>
      <subfield code="d">1584-1636</subfield>
      <subfield code="4">bezf</subfield>
      <subfield code="4">https://d-nb.info/standards/elementset/gnd#familialRelationship</subfield>
      <subfield code="w">r</subfield>
      <subfield code="i">Beziehung familiaer</subfield>
      <subfield code="e">Beziehung familiaer</subfield>
      <subfield code="9">v:Mutter</subfield>
    </datafield>
    <datafield tag="500" ind1="0" ind2=" ">
      <subfield code="0">(DE-101)101053800</subfield>
      <subfield code="0">(DE-588)101053800</subfield>
      <subfield code="0">https://d-nb.info/gnd/101053800</subfield>
      <subfield code="a">Eberhard</subfield>
      <subfield code="b">III.</subfield>
      <subfield code="c">Württemberg, Herzog</subfield>
      <subfield code="d">1614-1674</subfield>
      <subfield code="4">bezf</subfield>
      <subfield code="4">https://d-nb.info/standards/elementset/gnd#familialRelationship</subfield>
      <subfield code="w">r</subfield>
      <subfield code="i">Beziehung familiaer</subfield>
      <subfield code="e">Beziehung familiaer</subfield>
      <subfield code="9">v:Bruder</subfield>
    </datafield>
    <datafield tag="500" ind1="0" ind2=" ">
      <subfield code="0">(DE-101)120040115</subfield>
      <subfield code="0">(DE-588)120040115</subfield>
      <subfield code="0">https://d-nb.info/gnd/120040115</subfield>
      <subfield code="a">Clara Augusta</subfield>
      <subfield code="c">Württemberg-Neuenstadt, Herzogin</subfield>
      <subfield code="d">1632-1700</subfield>
      <subfield code="4">bezf</subfield>
      <subfield code="4">https://d-nb.info/standards/elementset/gnd#familialRelationship</subfield>
      <subfield code="w">r</subfield>
      <subfield code="i">Beziehung familiaer</subfield>
      <subfield code="e">Beziehung familiaer</subfield>
      <subfield code="9">v:Ehefrau</subfield>
    </datafield>
    <datafield tag="500" ind1="0" ind2=" ">
      <subfield code="0">(DE-101)102608520</subfield>
      <subfield code="0">(DE-588)102608520</subfield>
      <subfield code="0">https://d-nb.info/gnd/102608520</subfield>
      <subfield code="a">Friedrich August</subfield>
      <subfield code="c">Württemberg-Neuenstadt, Herzog</subfield>
      <subfield code="d">1654-1716</subfield>
      <subfield code="4">bezf</subfield>
      <subfield code="4">https://d-nb.info/standards/elementset/gnd#familialRelationship</subfield>
      <subfield code="w">r</subfield>
      <subfield code="i">Beziehung familiaer</subfield>
      <subfield code="e">Beziehung familiaer</subfield>
      <subfield code="9">v:Sohn</subfield>
    </datafield>
    <datafield tag="500" ind1="0" ind2=" ">
      <subfield code="0">(DE-101)116211377</subfield>
      <subfield code="0">(DE-588)116211377</subfield>
      <subfield code="0">https://d-nb.info/gnd/116211377</subfield>
      <subfield code="a">Anton Ulrich</subfield>
      <subfield code="c">Württemberg-Neuenstadt, Herzog</subfield>
      <subfield code="d">1661-1680</subfield>
      <subfield code="4">bezf</subfield>
      <subfield code="4">https://d-nb.info/standards/elementset/gnd#familialRelationship</subfield>
      <subfield code="w">r</subfield>
      <subfield code="i">Beziehung familiaer</subfield>
      <subfield code="e">Beziehung familiaer</subfield>
      <subfield code="9">v:Sohn</subfield>
    </datafield>
    <datafield tag="500" ind1="0" ind2=" ">
      <subfield code="0">(DE-101)129225061</subfield>
      <subfield code="0">(DE-588)129225061</subfield>
      <subfield code="0">https://d-nb.info/gnd/129225061</subfield>
      <subfield code="a">Albrecht</subfield>
      <subfield code="c">Württemberg-Neuenstadt, Herzog</subfield>
      <subfield code="d">1657-1670</subfield>
      <subfield code="4">bezf</subfield>
      <subfield code="4">https://d-nb.info/standards/elementset/gnd#familialRelationship</subfield>
      <subfield code="w">r</subfield>
      <subfield code="i">Beziehung familiaer</subfield>
      <subfield code="e">Beziehung familiaer</subfield>
      <subfield code="9">v:Sohn</subfield>
    </datafield>
    <datafield tag="500" ind1="0" ind2=" ">
      <subfield code="0">(DE-101)118134205</subfield>
      <subfield code="0">(DE-588)118134205</subfield>
      <subfield code="0">https://d-nb.info/gnd/118134205</subfield>
      <subfield code="a">Carl Rudolph</subfield>
      <subfield code="c">Württemberg-Neuenstadt, Herzog</subfield>
      <subfield code="d">1667-1742</subfield>
      <subfield code="4">bezf</subfield>
      <subfield code="4">https://d-nb.info/standards/elementset/gnd#familialRelationship</subfield>
      <subfield code="w">r</subfield>
      <subfield code="i">Beziehung familiaer</subfield>
      <subfield code="e">Beziehung familiaer</subfield>
      <subfield code="9">v:Sohn</subfield>
    </datafield>
    <datafield tag="500" ind1="0" ind2=" ">
      <subfield code="0">(DE-101)135963877</subfield>
      <subfield code="0">(DE-588)135963877</subfield>
      <subfield code="0">https://d-nb.info/gnd/135963877</subfield>
      <subfield code="a">Ferdinand Wilhelm</subfield>
      <subfield code="c">Württemberg-Neuenstadt, Herzog</subfield>
      <subfield code="d">1659-1701</subfield>
      <subfield code="4">bezf</subfield>
      <subfield code="4">https://d-nb.info/standards/elementset/gnd#familialRelationship</subfield>
      <subfield code="w">r</subfield>
      <subfield code="i">Beziehung familiaer</subfield>
      <subfield code="e">Beziehung familiaer</subfield>
      <subfield code="9">v:Sohn</subfield>
    </datafield>
    <datafield tag="500" ind1="1" ind2=" ">
      <subfield code="0">(DE-101)10432113X</subfield>
      <subfield code="0">(DE-588)10432113X</subfield>
      <subfield code="0">https://d-nb.info/gnd/10432113X</subfield>
      <subfield code="a">Stolberg, Sophia Dorothea &#152;zu&#156;</subfield>
      <subfield code="d">1658-1681</subfield>
      <subfield code="4">bezf</subfield>
      <subfield code="4">https://d-nb.info/standards/elementset/gnd#familialRelationship</subfield>
      <subfield code="w">r</subfield>
      <subfield code="i">Beziehung familiaer</subfield>
      <subfield code="e">Beziehung familiaer</subfield>
      <subfield code="9">v:Tochter</subfield>
    </datafield>
    <datafield tag="530" ind1=" " ind2="0">
      <subfield code="0">(DE-101)1180447247</subfield>
      <subfield code="0">(DE-588)1180447247</subfield>
      <subfield code="0">https://d-nb.info/gnd/1180447247</subfield>
      <subfield code="a">Autogramm</subfield>
      <subfield code="g">Friedrich, Württemberg-Neuenstadt, Herzog</subfield>
      <subfield code="n">01</subfield>
      <subfield code="4">rela</subfield>
      <subfield code="4">https://d-nb.info/standards/elementset/gnd#relatedWork</subfield>
      <subfield code="w">r</subfield>
      <subfield code="i">Relation allgemein</subfield>
    </datafield>
    <datafield tag="548" ind1=" " ind2=" ">
      <subfield code="a">1615-1682</subfield>
      <subfield code="4">datl</subfield>
      <subfield code="4">https://d-nb.info/standards/elementset/gnd#dateOfBirthAndDeath</subfield>
      <subfield code="w">r</subfield>
      <subfield code="i">Lebensdaten</subfield>
    </datafield>
    <datafield tag="551" ind1=" " ind2=" ">
      <subfield code="0">(DE-101)040582825</subfield>
      <subfield code="0">(DE-588)4058282-6</subfield>
      <subfield code="0">https://d-nb.info/gnd/4058282-6</subfield>
      <subfield code="a">Stuttgart</subfield>
      <subfield code="4">ortg</subfield>
      <subfield code="4">https://d-nb.info/standards/elementset/gnd#placeOfBirth</subfield>
      <subfield code="w">r</subfield>
      <subfield code="i">Geburtsort</subfield>
    </datafield>
    <datafield tag="551" ind1=" " ind2=" ">
      <subfield code="0">(DE-101)042409764</subfield>
      <subfield code="0">(DE-588)4240976-7</subfield>
      <subfield code="0">https://d-nb.info/gnd/4240976-7</subfield>
      <subfield code="a">Neuenstadt am Kocher</subfield>
      <subfield code="4">orts</subfield>
      <subfield code="4">https://d-nb.info/standards/elementset/gnd#placeOfDeath</subfield>
      <subfield code="w">r</subfield>
      <subfield code="i">Sterbeort</subfield>
    </datafield>
    <datafield tag="667" ind1=" " ind2=" ">
      <subfield code="a">VD-17</subfield>
    </datafield>
    <datafield tag="670" ind1=" " ind2=" ">
      <subfield code="a">ADB</subfield>
    </datafield>
    <datafield tag="670" ind1=" " ind2=" ">
      <subfield code="a">Wikipedia</subfield>
      <subfield code="u">https://de.wikipedia.org/wiki/Friedrich_(W%C3%BCrttemberg-Neuenstadt)</subfield>
    </datafield>
    <datafield tag="678" ind1=" " ind2=" ">
      <subfield code="b">Begründer der Neuenstadter Linie des Hauses Württemberg</subfield>
    </datafield>
    <datafield tag="913" ind1=" " ind2=" ">
      <subfield code="S">pnd</subfield>
      <subfield code="i">5</subfield>
      <subfield code="a">Friedrich &lt;Württemberg-Neuenstadt, Herzog&gt;</subfield>
      <subfield code="0">(DE-588a)118018116</subfield>
    </datafield>
  </record>
